@booklet{userconf24,
	author = {Konrad, Markus and Beinrucker, Andre},
	title = {Enabling Analytics for Learning Applications with learnrextra},
	journal = {Journal title},
	year = {2024},
	howpublished = {Präsentation auf UseR! Conference, Salzburg, Österreich}
}

@misc{konrad_ifafmultilalearnrextra_2024,
	title = {github.com/{IFAFMultiLA}/learnrextra},
	url = {https://github.com/IFAFMultiLA/learnrextra},
	abstract = {R package learnrextra: extended learnr with adaptive configuration.},
	publisher = {MultiLA},
	author = {Konrad, Markus},
	year = {2024},
}